<collection xmlns="http://www.loc.gov/MARC21/slim">
<record>
  <leader>01041nam0a2200229 i 450 </leader>
  <controlfield tag="001">IT\ICCU\CNCE\072417</controlfield>
  <controlfield tag="005">20121214000000.0</controlfield>
  <datafield tag="012" ind1=" " ind2=" ">
    <subfield code="a">toli o.on e.i- gibe (C) 1535 (R)</subfield>
    <subfield code="2">fei</subfield>
  </datafield>
  <datafield tag="100" ind1=" " ind2=" ">
    <subfield code="a">20080204d1535        0itac0103    ba</subfield>
  </datafield>
  <datafield tag="101" ind1=" " ind2=" ">
    <subfield code="a">ITA</subfield>
  </datafield>
  <datafield tag="102" ind1=" " ind2=" ">
    <subfield code="a">IT</subfield>
  </datafield>
  <datafield tag="200" ind1="1" ind2=" ">
    <subfield code="a">Trattadello della dispositione che si ricerca a riceuer la gratia del Spiritosanto</subfield>
  </datafield>
  <datafield tag="210" ind1=" " ind2=" ">
    <subfield code="e">Stampato in Bologna</subfield>
    <subfield code="g">per Vincenzo di Bonardi da Parma chartaro</subfield>
    <subfield code="h">e Marchantonio da Carpi compagni</subfield>
    <subfield code="h">1535 del mese di aprile</subfield>
  </datafield>
  <datafield tag="215" ind1=" " ind2=" ">
    <subfield code="a">\28! c.</subfield>
    <subfield code="c">1 xil.</subfield>
    <subfield code="d">4ʻ</subfield>
  </datafield>
  <datafield tag="300" ind1=" " ind2=" ">
    <subfield code="a">Il nome dell&apos;autore si ricava da c. A1v</subfield>
  </datafield>
  <datafield tag="620" ind1=" " ind2=" ">
    <subfield code="a">IT</subfield>
    <subfield code="d">Bologna</subfield>
  </datafield>
  <datafield tag="700" ind1=" " ind2="1">
    <subfield code="a">Gherardi,</subfield>
    <subfield code="b">Lorenzo</subfield>
    <subfield code="3">IT\ICCU\CNCA\005990</subfield>
  </datafield>
  <datafield tag="712" ind1="0" ind2="0">
    <subfield code="a">Bonardo, Vincenzo &amp; Grossi, Marcantonio</subfield>
    <subfield code="3">IT\ICCU\CNCT\000054</subfield>
    <subfield code="4">650</subfield>
  </datafield>
  <datafield tag="790" ind1=" " ind2="1">
    <subfield code="a">Gherardis,</subfield>
    <subfield code="b">Laurentius : de</subfield>
    <subfield code="3">IT\ICCU\CNCA\019817</subfield>
    <subfield code="z">Gherardi, Lorenzo</subfield>
  </datafield>
  <datafield tag="791" ind1="0" ind2="0">
    <subfield code="a">Bonardus, Vincentius et Groscius, Marcus Antonius</subfield>
    <subfield code="3">IT\ICCU\CNCT\004440</subfield>
    <subfield code="z">Bonardo, Vincenzo &amp; Grossi, Marcantonio</subfield>
  </datafield>
  <datafield tag="801" ind1=" " ind2="3">
    <subfield code="a">IT</subfield>
    <subfield code="b">ICCU</subfield>
    <subfield code="c">20201115</subfield>
  </datafield>
  <datafield tag="899" ind1=" " ind2=" ">
    <subfield code="a">Biblioteca universitaria. Bologna</subfield>
    <subfield code="1">BO0098</subfield>
    <subfield code="2">UBO BU</subfield>
  </datafield>
</record>
</collection>
